@book{cressie2015statistics,
  title={Statistics for Spatio-temporal Data},
  author={Cressie, Noel and Wikle, Christopher K},
  year={2015},
  publisher={John Wiley \& Sons}
}

@book{wikle2019spatio,
  title={Spatio-temporal Statistics with R},
  author={Wikle, Christopher K and Zammit-Mangion, Andrew and Cressie, Noel},
  year={2019},
  publisher={CRC Press}
}

@Manual{zammit2022IDE,
  title = {IDE: Integro-Difference Equation Spatio-Temporal Models},
  author = {Andrew Zammit-Mangion},
  year = {2022},
  note = {R package version 0.3.1},
  url = {https://CRAN.R-project.org/package=IDE},
}