
@article{roberts2009examples,
  title={Examples of Adaptive MCMC},
  author={Roberts, Gareth O and Rosenthal, Jeffrey S},
  journal={Journal of computational and graphical statistics},
  pages={349--367},
  year={2009},
  publisher={JSTOR}
}

@article{haario2001adaptive,
  title={An Adaptive Metropolis Algorithm},
  author={Haario, Heikki and Saksman, Eero and Tamminen, Johanna},
  journal={Bernoulli},
  pages={223--242},
  year={2001},
  publisher={JSTOR}
}

@article{gelman1996efficient,
  title={Efficient Metropolis Jumping Rules},
  author={Gelman, Andrew and Roberts, Gareth O and Gilks, Walter R},
  journal={Bayesian statistics 5},
  volume={5},
  pages={599--608},
  year={1996},
  publisher={Oxford University PressOxford}
}

@book{cressie2015statistics,
  title={Statistics for Spatio-temporal Data},
  author={Cressie, Noel and Wikle, Christopher K},
  year={2015},
  publisher={John Wiley \& Sons}
}

@book{wikle2019spatio,
  title={Spatio-temporal Statistics with R},
  author={Wikle, Christopher K and Zammit-Mangion, Andrew and Cressie, Noel},
  year={2019},
  publisher={CRC Press}
}

@article{cressie1990origins,
  title={The Origins of Kriging},
  author={Cressie, Noel},
  journal={Mathematical geology},
  volume={22},
  pages={239--252},
  year={1990},
  publisher={Springer}
}

@article{guha2014gaussian,
  title={Gaussian Random Functional Dynamic Spatio-temporal Modeling of Discrete Time Spatial Time Series Data},
  author={Guha, Suman and Bhattacharya, Sourabh},
  journal={arXiv preprint arXiv:1405.6531},
  year={2014}
}

@article{dewar2008data,
  title={Data-Driven Spatio-temporal Modeling using the Integro-Difference Equation},
  author={Dewar, Michael and Scerri, Kenneth and Kadirkamanathan, Visakan},
  journal={IEEE Transactions on Signal Processing},
  volume={57},
  number={1},
  pages={83--91},
  year={2008},
  publisher={IEEE}
}

@article{wikle1999dimension,
  title={A Dimension-Reduced Approach to Space-time Kalman Filtering},
  author={Wikle, Christopher K and Cressie, Noel},
  journal={Biometrika},
  volume={86},
  number={4},
  pages={815--829},
  year={1999},
  publisher={Oxford University Press}
}

@article{roberts2001optimal,
  title={Optimal scaling for Various Metropolis-Hastings Algorithms},
  author={Roberts, Gareth O and Rosenthal, Jeffrey S},
  journal={Statistical science},
  volume={16},
  number={4},
  pages={351--367},
  year={2001},
  publisher={Institute of Mathematical Statistics}
}

@book{pilquist2023functional,
  title={Functional Programming in Scala, Second Edition},
  author={Pilquist, Michael and Chiusano, Paul and Bjarnasson, R{\'u}nar},
  year={2023},
  publisher={Simon and Schuster},
  edition={2nd},
  pages={488},
  isbn={9781617299582}
}

@article{kalman1960new,
  title={A New Approach to Linear Filtering and Prediction Problems},
  author={Kalman, Rudolph Emil},
  year={1960}
}

@article{humpherys2012fresh,
  title={A Fresh Look at the Kalman Filter},
  author={Humpherys, Jeffrey and Redd, Preston and West, Jeremy},
  journal={SIAM review},
  volume={54},
  number={4},
  pages={801--823},
  year={2012},
  publisher={SIAM}
}

@article{stroud2001dynamic,
  title={Dynamic Models for Spatiotemporal Data},
  author={Stroud, Jonathan R and M{\"u}ller, Peter and Sans{\'o}, Bruno},
  journal={Journal of the Royal Statistical Society: Series B (Statistical Methodology)},
  volume={63},
  number={4},
  pages={673--689},
  year={2001},
  publisher={Wiley Online Library}
}

@inproceedings{berliner1996hierarchical,
  title={Hierarchical Bayesian Time Series Models},
  author={Berliner, L Mark},
  booktitle={Maximum Entropy and Bayesian Methods: Santa Fe, New Mexico, USA, 1995 Proceedings of the Fifteenth International Workshop on Maximum Entropy and Bayesian Methods},
  pages={15--22},
  year={1996},
  organization={Springer}
}

@article{wang2024reinforcement,
  title={Reinforcement Learning for Adaptive MCMC},
  author={Wang, Congye and Chen, Wilson and Kanagawa, Heishiro and Oates, Chris and others},
  journal={arXiv preprint arXiv:2405.13574},
  year={2024}
}

@article{mahmoudian2014spatio,
  title={A Spatio-temporal Dynamic Regression Model for Extreme Wind Speeds},
  author={Mahmoudian, Behzad and Mohammadzadeh, Mohsen},
  journal={Extremes},
  volume={17},
  pages={221--245},
  year={2014},
  publisher={Springer}
}

@inproceedings{yu2014spatio,
  title={Spatio-temporal Graphical Models for Extreme Events},
  author={Yu, Hang and Zhang, Liaofan and Dauwels, Justin},
  booktitle={2014 IEEE International Symposium on Information Theory},
  pages={2032--2036},
  year={2014},
  organization={IEEE}
}

@article{chen2021fast,
  title={Fast and Scalable Inference for Spatial Extreme Value Models},
  author={Chen, Meixi and Ramezan, Reza and Lysy, Martin},
  journal={arXiv preprint arXiv:2110.07051},
  year={2021}
}

@book{brooks2011handbook,
  title={Handbook of Markov Chain Monte Carlo},
  author={Brooks, Steve and Gelman, Andrew and Jones, Galin and Meng, Xiao-Li},
  year={2011},
  publisher={CRC press}
}

@book{cressie2015spatial,
  title={Statistics for Spatial Data},
  author={Cressie, Noel},
  year={2015},
  publisher={John Wiley \& Sons}
}

@article{huang1996spatio,
  title={Spatio-temporal Prediction of Snow Water Equivalent using the Kalman Filter},
  author={Huang, Hsin-Cheng and Cressie, Noel},
  journal={Computational Statistics \& Data Analysis},
  volume={22},
  number={2},
  pages={159--175},
  year={1996},
  publisher={Elsevier}
}

@article{cotter2013mcmc,
  title={MCMC Methods for Functions: Modifying Old Algorithms to Make Them Faster},
  author={Cotter, Simon L and Roberts, Gareth O and Stuart, Andrew M and White, David},
  year={2013}
}

@article{sarkka2020temporal,
  title={Temporal Parallelization of Bayesian Smoothers},
  author={S{\"a}rkk{\"a}, Simo and Garc{\'\i}a-Fern{\'a}ndez, {\'A}ngel F},
  journal={IEEE Transactions on Automatic Control},
  volume={66},
  number={1},
  pages={299--306},
  year={2020},
  publisher={IEEE}
}

@misc{corenflos2022temporal,
  title={JAX Implementation of Temporal Parallelisation of Kalman Filter and Smoother},
  author={Adrien Corenflos},
  howpublished={\url{https://colab.research.google.com/github/EEA-sensors/sequential-parallelization-examples/blob/main/python/temporal-parallelization-bayes-smoothers/parallel_kalman_jax.ipynb#scrollTo=dquKV2Qq8swJ}},
  note={Accessed: 2024-07-21}
}

@inproceedings{garside2003dynamic,
  title={Dynamic Lattice-Markov Spatio-temporal Models for Environmental Data},
  author={Garside, LM and Wilkinson, DJ},
  booktitle={Bayesian Statistics: 7th Valencia International Meeting on Bayesian Statistics},
  year={2003},
  organization={Newcastle University}
}

@Manual{zammit2022IDE,
  title = {IDE: Integro-Difference Equation Spatio-Temporal Models},
  author = {Andrew Zammit-Mangion},
  year = {2022},
  note = {R package version 0.3.1},
  url = {https://CRAN.R-project.org/package=IDE},
}

@article{Gibson2005Rmeo,
  abstract = {This paper examines the problem of estimating linear time-invariant state-space system models. In particular, it addresses the parametrization and numerical robustness concerns that arise in the multivariable case. These difficulties are well recognised in the literature, resulting (for example) in extensive study of subspace-based techniques, as well as recent interest in ‘data driven’ local co-ordinate approaches to gradient search solutions. The paper here proposes a different strategy that employs the expectation–maximisation (EM) technique. The consequence is an algorithm that is iterative, with associated likelihood values that are locally convergent to stationary points of the (Gaussian) likelihood function. Furthermore, theoretical and empirical evidence presented here establishes additional attractive properties such as numerical robustness, avoidance of difficult parametrization choices, the ability to naturally and easily estimate non-zero initial conditions, and moderate computational cost. Moreover, since the methods here are maximum-likelihood based, they have associated known and asymptotically optimal statistical properties.},
  author = {Gibson, Stuart and Ninness, Brett},
  address = {Oxford},
  copyright = {2005 Elsevier Ltd},
  issn = {0005-1098},
  journal = {Automatica (Oxford)},
  keywords = {Parameter estimation ; System identification},
  language = {eng},
  number = {10},
  pages = {1667-1682},
  publisher = {Elsevier Ltd},
  title = {Robust maximum-likelihood estimation of multivariable dynamic systems},
  volume = {41},
  year = {2005},
}

@article{wikle1999dimension,
  title={A dimension-reduced approach to space-time Kalman filtering},
  author={Wikle, Christopher K and Cressie, Noel},
  journal={Biometrika},
  volume={86},
  number={4},
  pages={815--829},
  year={1999},
  publisher={Oxford University Press}
}
